<?xml version="1.0" encoding="UTF-8"?><collection xmlns="http://www.loc.gov/MARC21/slim"><record><leader>00508nam--2200193-i-4500</leader><controlfield tag="001">000044285</controlfield><controlfield tag="002">20161230</controlfield><controlfield tag="005">20161230201044</controlfield><controlfield tag="008">060222s1000------------r-----000-0-rus-d</controlfield><datafield ind1=" " ind2=" " tag="040"><subfield code="a">IFIN-HH</subfield></datafield><datafield ind1=" " ind2=" " tag="041"><subfield code="a">rus</subfield></datafield><datafield ind1=" " ind2=" " tag="080"><subfield code="a">539.2:532</subfield></datafield><datafield ind1="1" ind2=" " tag="100"><subfield code="a">Darrou, K</subfield></datafield><datafield ind1="1" ind2="0" tag="245"><subfield code="a">Elektronnaia teoria metallov i fiziceskaia statistika</subfield><subfield code="c">K. darrou</subfield></datafield><datafield ind1=" " ind2=" " tag="260"><subfield code="a">Moskva</subfield><subfield code="b">Tehniko-teoreticeskoe Izdatelstvo</subfield><subfield code="c">1933</subfield></datafield><datafield ind1=" " ind2=" " tag="300"><subfield code="a">110p</subfield></datafield><datafield ind1=" " ind2=" " tag="490"><subfield code="a">Uspehi Fiziki</subfield></datafield><datafield ind1=" " ind2=" " tag="852"><subfield code="a">78525</subfield><subfield code="c">538.9</subfield></datafield><datafield ind1=" " ind2=" " tag="CAT"><subfield code="a">Sys</subfield><subfield code="c">20110920</subfield><subfield code="h">163130</subfield></datafield></record></collection>